<record><leader>00000cas a22000007a 4500</leader><controlfield tag="001">18951310</controlfield><controlfield tag="008">881229d19uu19uupauwr ne      0    0eng d</controlfield><datafield ind1=" " ind2=" " tag="010"><subfield code="a">sn 89077859 </subfield></datafield><datafield ind1=" " ind2=" " tag="040"><subfield code="a">NPH</subfield><subfield code="b">eng</subfield><subfield code="c">NPH</subfield><subfield code="d">OCLCQ</subfield></datafield><datafield ind1="0" ind2=" " tag="130"><subfield code="a">News of Delaware County (Upper Darby, Pa. : Upper Darby-Haverford-Boro ed.)</subfield></datafield><datafield ind1="1" ind2="0" tag="245"><subfield code="a">News of Delaware County.</subfield></datafield><datafield ind1=" " ind2=" " tag="250"><subfield code="a">Upper Darby-Haverford-Boro ed.</subfield></datafield><datafield ind1=" " ind2=" " tag="260"><subfield code="a">Upper Darby, Pa. :</subfield><subfield code="b">[s.n.</subfield></datafield><datafield ind1=" " ind2=" " tag="300"><subfield code="a">v. :</subfield><subfield code="b">ill. ;</subfield><subfield code="c">58 cm.</subfield></datafield><datafield ind1=" " ind2=" " tag="310"><subfield code="a">Weekly</subfield></datafield><datafield ind1=" " ind2=" " tag="500"><subfield code="a">Published weekly on Thursday.</subfield></datafield><datafield ind1=" " ind2=" " tag="500"><subfield code="a">Published in various editions.</subfield></datafield><datafield ind1=" " ind2=" " tag="588"><subfield code="a">Description based on: Vol. 41, no. 20 A (Nov. 15, 1973).</subfield></datafield><datafield ind1=" " ind2=" " tag="752"><subfield code="a">United States</subfield><subfield code="b">Pennsylvania</subfield><subfield code="c">Delaware</subfield><subfield code="d">Upper Darby.</subfield></datafield><datafield ind1=" " ind2=" " tag="752"><subfield code="a">United States</subfield><subfield code="b">Pennsylvania</subfield><subfield code="c">Montgomery</subfield><subfield code="d">Haverford.</subfield></datafield></record>